
#.-latin1-.
@misc{gravity,
	howpublished = {\url{http://gravityfallsbrasil.blogspot.com.br/p/criptogramas.html}},
	title = {Criptogramas},
	author = {Gustavo Sorian},
	year = {2016},
	note = {Acessed: 2016-04-26}
}

@misc{pong-play,
	howpublished = {\url{http://theinstitute.ieee.org/technology-focus/technology-history/from-pong-to-playstation-3}},
	title = {From Ponto to Playstation 3},
	author = {Ania Monaco},
	year = {2011},
	month = {December},
	note = {Acessed: 2016-05-09}

}
@misc{pc-velho,
	howpublished = {\url{http://www.aes.org/aeshc/docs/recording.technology.history/computer1.html}},
	title = {Evolution of the Computer},
	author = {Steven E. Schoenherr},
	year = {2004},
	note = {Acessed: 2016-05-10},
}
@misc{ram,
    howpublished = {\url{http://www.engadget.com/2014/07/09/worlds-first-arcade-videogame/}},
    author = {Mat Smith},
    title = {The world's first video game arcade machine is a glittery fiberglass wonder},
    year = {2014},
    note = {Acessed: 2016-05-24}
}
@misc{pdp1,
    howpublished = {\url{http://www.computerhistory.org/pdp-1/introduction/}},
    title = {PDP-1 Restoration Project},
    subtitle = {Introduction},
    note = {Acessed: 2016-05-24},
    year = {n.d.}
}
@misc{allan,
    howpublished = {\url{http://ethw.org/First-Hand:The_Development_of_Pong:_Early_Days_of_Atari_and_the_Video_Game_Industry}},
    author = {Allan Alcorn},
    title = {First-Hand:The Development of Pong: Early Days of Atari and the Video Game Industry},
    year = {2015},
    note = {Acessed: 2016-05-24}
}
@misc{SNES,
    howpublished = {\url{http://www.videogameconsolelibrary.com/pg90-snes.htm#page=reviews}},
    author = {Dark Watcher},
    title = {Nintendo Super Famicom \ SNES},
    year = {200X},
    note = {Acessed: 2016-04-25}
}
@misc{sony,
    howpublished = {\url{http://www.videogameconsolelibrary.com/pg90-playstation.htm#page=reviews}},
    author = {Dark Watcher},
    title = {Sony PlayStation},
    year = {200X},
    note = {Acessed: 2016-04-25}
}